<?xml version="1.0" encoding="UTF-8"?><collection xmlns="http://www.loc.gov/MARC21/slim"><record><leader>00534nam--2200181-i-4500</leader><controlfield tag="001">000049974</controlfield><controlfield tag="002">20161230</controlfield><controlfield tag="005">20161230201047</controlfield><controlfield tag="008">060222s1000------------r-----000-0-rus-d</controlfield><datafield ind1=" " ind2=" " tag="040"><subfield code="a">IFIN-HH</subfield></datafield><datafield ind1=" " ind2=" " tag="041"><subfield code="a">rus</subfield></datafield><datafield ind1="1" ind2=" " tag="100"><subfield code="a">Ahmanov, S.A</subfield></datafield><datafield ind1=" " ind2=" " tag="245"><subfield code="a">Problemy nelineinoi optiki</subfield><subfield code="b">(elektromagnitnye volny v nelineinyh dispergiruiushchih sredah). 1962-1963</subfield><subfield code="c">S.a. ahmanov, r.v. hohlov</subfield></datafield><datafield ind1=" " ind2=" " tag="260"><subfield code="a">Moskva</subfield><subfield code="b">Izdat. Akad. Nauk Sssr</subfield><subfield code="c">1964</subfield></datafield><datafield ind1=" " ind2=" " tag="300"><subfield code="a">294S</subfield></datafield><datafield ind1="1" ind2=" " tag="700"><subfield code="a">Hohlov, R.V</subfield></datafield><datafield ind1=" " ind2=" " tag="852"><subfield code="a">9881</subfield><subfield code="c">535</subfield></datafield><datafield ind1=" " ind2=" " tag="CAT"><subfield code="a">Sys</subfield><subfield code="c">20101018</subfield><subfield code="h">091533</subfield></datafield></record></collection>